

@misc{history,
      author = "David M. Beazly",
      title = "PLY (Python Lex-Yacc",
      note = "\url{http://www.dabeaz.com/ply/ply.html}"
},

@misc{PLY,
      title = "What is a compiler?",
      year = "2005",
      note = "\url{http://www.compilers.net/paedia/compiler/index.htm}"
},

@misc{book,
	  author = "Fischer, C. N., LeBlanc. RJ Jr.",
	  title = "Crafting a Compiler with C",
      year = "1991",
},
 @misc{pic,
	  author = "Andrew Myers",
	  title = "Grammars and Parsing",
      year = "2014",
      note = "\url{http://www.cs.cornell.edu/courses/cs2112/2014fa/lectures/lecture.html?id=parsing}",

},
@misc{test,
      author = "Eric Fulton",
      title = "2015 Final Practicum",
      month = "May",
      year = "2015",
      note = "\url{http://mthack.me/test/}"

},
@misc{Zip,
	author = "Shashank Sahni",
	title = "How to crack zip file passwords on linux using fcrackzip",
	month = "October",
	year = "2010",
	note = "\url{http://linuxers.org/article/how-crack-zip-file-passwords-linux-using-fcrackzip}"
},

@misc{Tomcat,
	author = "SecurityGeeks",
	title = "Attacking Metasploitable - Apache Tomcat - Metasploit Tutorial",
	year = "2013",
	note = "\url{http://www.securitygeeks.net/2013/05/attacking-metasploitable-apache-tomcat.html}"
},

@misc{Telnet,
	author = "bmlbytes",
	title = "How to hack Telnet",
	year = "2009",
	note = "\url{http://www.instructables.com/id/How-to-hack-via-Telnet/}"
},

@misc{rfc,
	author = "J. Ashworth",
	title = " The Naming of Hosts",
	month = "April",
	year = "1997",
	note = "\url{https://www.ietf.org/rfc/rfc2100.txt}"
},

	
